%% This BibTeX bibliography file was created using BibDesk.
%% http://bibdesk.sourceforge.net/


%% Created for Mark Mulder at 2009-06-04 20:01:03 +0200 


%% Saved with string encoding Unicode (UTF-8) 



@electronic{python,
	Author = {Guido van Rossum},
	Date-Added = {2009-06-04 19:55:43 +0200},
	Date-Modified = {2009-06-04 20:01:03 +0200},
	Title = {\href{Style Guide for Python Code}{http://www.python.org/dev/peps/pep-0008/}},
	Url = {http://www.python.org/dev/peps/pep-0008/},
	Urldate = {22 januari 2009}}

@book{agilebook,
	Author = {Barry W Boehm and Richard Turner},
	Date-Added = {2009-06-04 19:50:44 +0200},
	Date-Modified = {2009-06-04 19:51:35 +0200},
	Edition = {3},
	Publisher = {Addison-Wesley},
	Title = {Balancing Agility and Discipline},
	Year = {2005}}
