%% This BibTeX bibliography file was created using BibDesk.
%% http://bibdesk.sourceforge.net/


%% Created for Mark Mulder at 2009-05-28 15:04:39 +0200 


%% Saved with string encoding Unicode (UTF-8) 



@url{whygitisbetterthanx,
	Author = {Scott Chacon},
	Date-Added = {2009-05-28 14:45:21 +0200},
	Date-Modified = {2009-05-28 15:03:36 +0200},
	Keywords = {scriptie},
	Lastchecked = {28 mei 2009},
	Title = {Whygitisbetterthanx.com},
	Url = {http://whygitisbetterthanx.com},
	Urldate = {28 mei 2009},
	Year = {2009}}
